@string{icdcs  ="IEEE International Conference on Distributed Computing Systems (ICDCS)"}
@String{hpdc   ="IEEE International Symposium on High Performance Distributed Computing (HPDC)"}
@String{icit   ="IEEE International Conference on Information Technology: Coding and Computing"}
@String{sac    ="ACM Symposium on Applied Computing (SAC)"}
@String{sigmod ="ACM International Conference on Management of Data (SIGMOD)"}
@String{pvldb  ="Very Large Databases Conference (PVLDB)"}
@String{comad  ="International Conference on Management of Data (COMAD)"} 
@String{asplos ="International Conference on Architectural Support for Programming Languages and Operating Systems (ASPLOS)"}
@String{itcc   ="International Conference on Information Technology: {C}oding and Computing (ITCC)"}
@String{cidr   ="Innovative Data Systems Research Conference (CIDR)"}

@String{jpdc    ="Journal of Parallel and Distributed Computing (JPDC)"}
@String{cacm    ="Communications of the ACM (CACM)"}
@String{iso     ="International Organization for Standardization (ISO)"}
@String{osr     ="Operating Systems Review"}
@String{sigmodr ="SIGMOD Record"}

@InProceedings{ref:calton-fgm,
  author    = "Calton Pu and Lenin Singaravelu",
  title     = "Fine-Grain Adaptive Compression in Dynamically Variable Networks",
  booktitle = icdcs,
  pages     = "685--694",
  year      = "2005"  
}

@InProceedings{ref:fgm-bc,
  author    = "Michael Gray and Peter Peterson and Peter Reiher",
  title     = "Scaling down off-the-shelf data compression: {B}ackwards-compatible fine-grain mixing",
  booktitle = icdcs,
  pages     = "112--121",
  year      = "2012" 
}

@InProceedings{ref:dsel,
  author    = "Chandra Krintz and Brad Calder",
  title     = "Reducing Delay With Dynamic Selection of Compression Formats",
  booktitle = hpdc,
  pages     = "266",
  year      = "2001"
}

@InProceedings{ref:ace,
  author    = "Sezgin Sucu and Chandra Krintz",
  title     = "{ACE}: {A} resource-aware adaptive compression environment",
  booktitle = itcc,
  pages     = "183--188",
  year      = "2003"
}

@Article{ref:nws,
  author    = "Rich Wolskia and Neil Spring and Jim Hayes",
  title     = "The Network Weather Service: {A} Distributed Resource Performance Forecasting Service for Metacomputing",
  journal   = "Journal of Future Generation Computing Systems",
  volume    = "15", 
  number    = "5-6", 
  pages     = "757--768", 
  year      = "1999"
}

@InProceedings{ref:tcomp,
  author    = "Nitin Motgi and Amar Mukherjee",
  title     = "Network conscious text compression system (NCTCSys)",
  booktitle = icit,
  pages     = "440--446",
  year      = "2012"
}

@InProceedings{ref:karsten,
  author    = "Yair Wiseman and Karsten Schwan",
  title     = "Efficient end-to-end data exchange using configurable compression", 
  booktitle = icdcs,
  pages     = "228--235 ", 
  year      = "2004"
}

@Article{ref:comp-dist,
  author  = "Fred Douglis",
  title   = "On the Role of Compression in Distributed Systems",
  journal = osr,
  volume  = "27",
  number  = "2",
  pages   = "88--93",
  year    = "1993"
}

@InProceedings{ref:net-lossy,
  author    = "Armando Fox and Steven D. Gribble and Eric A. Brewer and Elan Amir",
  title     = "Adapting to Network and Client Variability via On-Demand Dynamic Distillation",
  booktitle = asplos, 
  pages     = "160--170",
  year      = "1996"
}

@Article{ref:high-rate,
 author = "Henrique Andrade and Bugra Gedik  and Kun-Lung Wu and Philip S. Yu",
 title = "Processing High Data Rate Streams in {System S}",
 journal = jpdc,
 volume = "71",
 number = "2",
 pages = "145--156",
 year = "2011"
}

@Article{ref:cormack-dbc,
 author   = "Gordon V. Cormack",
 title    = "Data compression on a database system",
 journal  = cacm,
 volume   = "28",
 number   = "12",
 pages    = "1336--1342",
 year     = "1985"
} 

@Article{ref:roth-dbc,
 author   = "Mark A. Roth and Scott J. Van Horn",
 title    = "Database Compression",
 journal  = sigmodr,
 volume   = "22",
 number   = "3",
 pages    = "31--39",
 year     = "1993"
} 


@InProceedings{ref:ray-dbpc,
 author    = "Gautam Ray and Jayant R. Haritsa and S. Seshadri",
 title     = "Database Compression: {A} Performance Enhancement Tool",
 booktitle = comad,
 pages     = "0",
 year      = "1995"
}

@InProceedings{ref:graefe-dbpc,
 author    = "Goetz Graefe and Leonard D. Shapiro",
 title     = "Data compression and database performance",
 booktitle = sac,
 pages     = "22--27",
 year      = "1991"
}
 
@Article{ref:column,
 author  = "Daniel J. Abadi and Peter A. Boncz and Stavros Harizopoulos",
 title   = "Column oriented Database Systems",
 journal = pvldb,
 volume  = "2",
 number  = "2",
 pages   = "1664--1665",
 year    = "2009"
}

@InProceedings{ref:columncomp,
 author    = "Daniel J. Abadi and Samuel Madden and Miguel Ferreira",
 title     = "Integrating compression and execution in column-oriented database systems",
 booktitle = sigmod,
 pages     = "671--682",
 year      = "2006" 
}

@TechReport{ref:mpeg,                                                                    
 author = "ISO",
 title = "{Information technology -- Coding of moving pictures and associated audio for digital storage media -- Part 3: Audio}",
 institution = iso,
 number = "ISO/IEC 11172-3",
 year = "1993" 
}   

@InProceedings{ref:barter,
 author    = "Allison L. Holloway and Vijayshankar Raman and Garret Swart and David J. DeWitt ",
 title     = "How to barter bits for chronons: compression and bandwidth trade offs for database scans",
 booktitle = sigmod,
 pages     = "389--400 ",
 year      = "2007"
}

@Article{ref:streams-dp,  
  author  = "Deepak Turaga and Henrique Andrade and Bugra Gedik and Chitra Venkatramani and Olivier Verscheure and Jeffrey David Harris and John Cox and William Szewczyk and Paul Jones",
  title   = "Design principles for developing stream processing applications",
  journal = "Software: Practice \& Experience",
  volume  = "40",
  number  = "12",
  year    = "2010"                                                                                                             
}    

@Article{ref:InfoSphereStreams,
  author  = "Bugra Gedik and Henrique Andrade",
  title   = "A Model-Based Framework for Building Extensible, High Performance Stream Processing Middleware and Programming Language for {IBM} {InfoSphere} {Streams}",
  journal = "Software: {P}ractice and {E}xperience",
  doi     = "10.1002/spe.1139",
  year    = "2012"
}

@InProceedings{ref:borealis,
  author    = "Daniel Abadi and Yanif Ahmad and Magdalena Balazinska and Ugur {\c C}etintemel and Mitch Cherniack and Jeong-Hyon Hwang and Wolfgang Lindner and Anurag Maskey and Alexander Rasin and Esther Ryvkina and Nesime Tatbul and Ying Xing and Stan Zdonik",
  title     = "The Design of the {B}orealis Stream Processing Engine",
  booktitle = cidr,
  year      = "2005"
}

@Article{ref:STREAM,
  author  = "Arvind Arasu and Brian Babcock and Shivnath Babu and Mayur Datar and Keith Ito and Rajeev Motwani and Itaru Nishizawa and Utkarsh Srivastava and Dilys Thomas and Rohit Varma and Jennifer Widom",
  title   = "{STREAM}: {T}he {S}tanford Stream Data Manager",
  journal = "{IEEE} Data Engineering Bulletin",
  volume  = "26",
  number  = "1",
  year    = "2003"
}

@TechReport{ref:SPL,                                                                                                                              
  author      = "Martin Hirzel and Henrique Andrade and Bugra Gedik and Vibhore Kumar and Giuliano Losa and Mark Mendell and Howard Nasgaard and Robert Soul\'{e} and Kun-Lung Wu",
  title       = "{SPL} Language Spec.",                                                                                                   
  number      = "RC24897",                                                                                                                        
  institution = "IBM",                                                                                                                            
  year        = "2009"                                                                                                                            
}

@Misc{ref:StreamBase,
  key           = "streambase",
  title         = "{StreamBase} {Systems}",
  howpublished  = "\url{http://www.streambase.com}",
  note = "retrieved May, 2011"
}

@Misc{ref:S4,
  key           = "Yahoo! S4",
  title         = "{S4} Distributed Stream Computing Platform",
  howpublished  = "\url{http://www.s4.io/}",
  note = "retrieved May, 2012"
}

@Misc{ref:storm,
  key           = "Twitter Storm",
  title         = "Storm project",
  howpublished  = "\url{http://storm-project.net/}",
  note = "retrieved May, 2012"
}
